<record><leader>00000cas a22000007a 4500</leader><controlfield tag="001">20879787</controlfield><controlfield tag="008">900112c18829999mouwr ne      0    0eng d</controlfield><datafield ind1=" " ind2=" " tag="010"><subfield code="a">sn 90061133 </subfield></datafield><datafield ind1=" " ind2=" " tag="040"><subfield code="a">MQN</subfield><subfield code="b">eng</subfield><subfield code="c">MQN</subfield><subfield code="d">OCLCQ</subfield></datafield><datafield ind1="0" ind2=" " tag="041"><subfield code="a">eng</subfield><subfield code="a">ger</subfield></datafield><datafield ind1=" " ind2=" " tag="042"><subfield code="a">msc</subfield></datafield><datafield ind1="0" ind2="0" tag="245"><subfield code="a">Ste. Genevieve herald.</subfield></datafield><datafield ind1="3" ind2="0" tag="246"><subfield code="a">Sainte Genevieve herald</subfield></datafield><datafield ind1=" " ind2=" " tag="260"><subfield code="a">Ste. Genevieve, Mo. :</subfield><subfield code="b">Joseph A. Ernst,</subfield><subfield code="c">1882-</subfield></datafield><datafield ind1=" " ind2=" " tag="300"><subfield code="a">volumes</subfield></datafield><datafield ind1=" " ind2=" " tag="310"><subfield code="a">Weekly</subfield></datafield><datafield ind1=" " ind2=" " tag="336"><subfield code="a">text</subfield><subfield code="b">txt</subfield><subfield code="2">rdacontent</subfield></datafield><datafield ind1=" " ind2=" " tag="337"><subfield code="a">unmediated</subfield><subfield code="b">n</subfield><subfield code="2">rdamedia</subfield></datafield><datafield ind1=" " ind2=" " tag="338"><subfield code="a">volume</subfield><subfield code="b">nc</subfield><subfield code="2">rdacarrier</subfield></datafield><datafield ind1="0" ind2=" " tag="362"><subfield code="a">Vol. 1, no. 1 (May 6, 1882)-</subfield></datafield><datafield ind1=" " ind2=" " tag="580"><subfield code="a">German ed. published: Ste. Genevieve Herold, &lt;May 13, 1882&gt;-Feb. 2, 1895 when it was absorbed; a German language page was included in the English ed. Feb. 9, 1895-Mar. 30, 1918.</subfield></datafield><datafield ind1=" " ind2=" " tag="752"><subfield code="a">United States</subfield><subfield code="b">Missouri</subfield><subfield code="c">Sainte Genevieve</subfield><subfield code="d">Sainte Genevieve.</subfield></datafield><datafield ind1="1" ind2=" " tag="775"><subfield code="t">Ste. Genevieve Herold</subfield><subfield code="w">(DLC)sn 86063669</subfield></datafield><datafield ind1="0" ind2="5" tag="780"><subfield code="t">Review (Sainte Genevieve, Mo.)</subfield><subfield code="w">(DLC)sn 90061128</subfield></datafield><datafield ind1="0" ind2="5" tag="780"><subfield code="t">Ste. Genevieve fair play</subfield><subfield code="w">(DLC)sn 90061123</subfield></datafield></record>